<record><leader>00000cas a22000007a 4500</leader><controlfield tag="001">13118824</controlfield><controlfield tag="008">860207d18991904wvudr ne      0    0eng d</controlfield><datafield ind1=" " ind2=" " tag="010"><subfield code="a">sn 86092167 </subfield></datafield><datafield ind1=" " ind2=" " tag="040"><subfield code="a">WVC</subfield><subfield code="b">eng</subfield><subfield code="c">WVC</subfield><subfield code="d">OCL</subfield><subfield code="d">NVK</subfield><subfield code="d">OCLCQ</subfield></datafield><datafield ind1=" " ind2=" " tag="042"><subfield code="a">msc</subfield></datafield><datafield ind1="0" ind2="0" tag="245"><subfield code="a">Morgantown evening post.</subfield></datafield><datafield ind1=" " ind2=" " tag="260"><subfield code="a">Morgantown, W. Va. :</subfield><subfield code="b">H.M. Morgan &amp; Sons,</subfield><subfield code="c">-1904.</subfield></datafield><datafield ind1=" " ind2=" " tag="300"><subfield code="a">v.</subfield></datafield><datafield ind1=" " ind2=" " tag="310"><subfield code="a">Daily</subfield></datafield><datafield ind1="1" ind2=" " tag="362"><subfield code="a">Began Dec. 4, 1899.</subfield></datafield><datafield ind1="0" ind2=" " tag="362"><subfield code="a">-v. 5, no. 95 (Mar. 30, 1904).</subfield></datafield><datafield ind1=" " ind2=" " tag="580"><subfield code="a">Also issued in a weekly entitled: Morgantown post.</subfield></datafield><datafield ind1=" " ind2=" " tag="588"><subfield code="a">Description based on: Vol. 1, no. 2 (Dec. 11, 1899).</subfield></datafield><datafield ind1=" " ind2=" " tag="752"><subfield code="a">United States</subfield><subfield code="b">West Virginia</subfield><subfield code="c">Monongalia</subfield><subfield code="d">Morgantown.</subfield></datafield><datafield ind1="0" ind2=" " tag="775"><subfield code="t">Morgantown post (Morgantown, W. Va.)</subfield><subfield code="w">(DLC)sn 86092171</subfield></datafield><datafield ind1="0" ind2="0" tag="785"><subfield code="t">Morgantown daily post</subfield><subfield code="w">(DLC)sn 86092168</subfield></datafield></record>